% This file was created with JabRef 2.10.
% Encoding: UTF-8


@Electronic{cart,
  Title                    = {Classification And Regression Trees for Machine Learning},
  Author                   = {Jason Brownlee},
  Language                 = {EN},
  Month                    = {April},
  Url                      = {https://machinelearningmastery.com/classification-and-regression-trees-for-machine-learning/},
  Year                     = {2016},

  Owner                    = {hwx},
  Timestamp                = {2017.12.04}
}

@Article{RF,
  Title                    = {Random Forest characterization of upland vegetation and management burning from aerial imagery},
  Author                   = {Chapman, Daniel S. and Bonn, Aletta and Kunin, William E. and Cornell, Stephen J.},
  Journal                  = {Journal of Biogeography},
  Year                     = {2009},
  Number                   = {1},
  Pages                    = {37-46},
  Volume                   = {37},

  Doi                      = {10.1111/j.1365-2699.2009.02186.x}
}

@Article{PCA,
  Title                    = {Non-linear feature extraction by linear PCA using local kernel},
  Author                   = {Hotta, Kazuhiro},
  Journal                  = {2008 19th International Conference on Pattern Recognition},
  Year                     = {2008},

  Doi                      = {10.1109/icpr.2008.4761721}
}

@Article{DT,
  Title                    = {Decision Tree: Introduction},
  Author                   = {Ishwaran, Hemant and Rao, J. Sunil},
  Journal                  = {Encyclopedia of Medical Decision Making},
  Year                     = {2009},

  Doi                      = {10.4135/9781412971980.n97}
}

@Misc{kaggle,
  Title                    = {Data Discription},

  Author                   = {Kaggle},
  Year                     = {2015},

  Journal                  = {Digit Recognizer | Kaggle},
  Url                      = {https://www.kaggle.com/c/digit-recognizer/data}
}

@Electronic{sklearn.cv,
  Title                    = {sklearn model selection cross val score},
  Author                   = {Scikit Learn},
  Language                 = {EN},
  Url                      = {http://scikit-learn.org/stable/modules/generated/sklearn.model_selection.cross_val_score.html},
  Year                     = {2007},

  Owner                    = {hwx},
  Timestamp                = {2017.12.04}
}

@Electronic{sklearn.dt,
  Title                    = {Decision Trees},
  Author                   = {Scikit Learn},
  Language                 = {EN},
  Url                      = {http://scikit-learn.org/stable/modules/tree.html},
  Year                     = {2007},

  Owner                    = {hwx},
  Timestamp                = {2017.12.04}
}

@Misc{sklearn.svm,
  Title                    = {sklearn svm SVC},

  Author                   = {Scikit Learn},
  Year                     = {2007},

  Journal                  = {sklearn.svm.SVC â€” scikit-learn 0.19.1 documentation},
  Url                      = {http://scikit-learn.org/stable/modules/generated/sklearn.svm.SVC.html}
}

@Article{feature_extra,
  Title                    = {Feature extraction method Based PCA and KICA},
  Author                   = {Liang, Sheng-Jie and Zhang, Zhi-Hua and Cui, Li-Lin},
  Journal                  = {2010 Second International Conference on Computational Intelligence and Natural Computing},
  Year                     = {2010},

  Doi                      = {10.1109/cinc.2010.5643821}
}

@Article{NB,
  Title                    = {Naive Bayes Classifier with Mixtures of Polynomials},
  Author                   = {Luengo, J. and Rumi, Rafael},
  Journal                  = {Proceedings of the International Conference on Pattern Recognition Applications and Methods},
  Year                     = {2015},

  Doi                      = {10.5220/0005166000140024}
}

@Article{LR,
  Title                    = {Introduction: Linear Regression and Logistic Regression},
  Author                   = {Scott Menard},
  Journal                  = {Logistic Regression: From Introductory to Advanced Concepts and Applications},
  Year                     = {2010},
  Pages                    = {1-18},

  Doi                      = {10.4135/9781483348964.n1}
}

@Electronic{svm.form,
  Title                    = {Introduction to Support Vector Machines},
  Author                   = {OpenCV},
  Language                 = {EN},
  Month                    = {December},
  Url                      = {https://docs.opencv.org/2.4/doc/tutorials/ml/introduction_to_svm/introduction_to_svm.html},
  Year                     = {2017},

  Owner                    = {hwx},
  Timestamp                = {2017.12.04}
}

@Electronic{10f.cv,
  Title                    = {10-fold Crossvalidation},
  Author                   = {OpenML},
  Url                      = {https://www.openml.org/a/estimation-procedures/1},
  Year                     = {2013},

  Owner                    = {hwx},
  Timestamp                = {2017.12.04}
}

@Electronic{sp.rfc,
  Title                    = {Chapter 5: Random Forest Classifier},
  Author                   = {Savan Patel},
  Month                    = {May},
  Url                      = {https://medium.com/machine-learning-101/chapter-5-random-forest-classifier-56dc7425c3e1},
  Year                     = {2017},

  Owner                    = {hwx},
  Timestamp                = {2017.12.04}
}

@Electronic{nb.steps,
  Title                    = {6 Easy Steps to Learn Naive Bayes Algorithm (with codes in Python and R)},
  Author                   = {Sunil Ray},
  Language                 = {EN},
  Month                    = {September},
  Url                      = {https://www.analyticsvidhya.com/blog/2017/09/naive-bayes-explained/},
  Year                     = {2015},

  Owner                    = {hwx},
  Timestamp                = {2017.12.04}
}

@Electronic{svm.code,
  Title                    = {Understanding Support Vector Machine algorithm from examples (along with code)},
  Author                   = {Sunil Ray},
  Language                 = {EN},
  Month                    = {October},
  Url                      = {https://www.analyticsvidhya.com/blog/2017/09/understaing-support-vector-machine-example-code/},
  Year                     = {2015},

  Owner                    = {hwx},
  Timestamp                = {2017.12.04}
}

@Electronic{ss.dt,
  Title                    = {Decision Tree - Classification},
  Author                   = {Dr. Saed Sayad},
  Language                 = {EN},
  Url                      = {http://www.saedsayad.com/decision_tree.htm},
  Year                     = {2010},

  Owner                    = {hwx},
  Timestamp                = {2017.12.04}
}

@Electronic{lr.form,
  Title                    = {Logistic regression},
  Author                   = {MedCalc Software},
  Language                 = {EN},
  Month                    = {February},
  Url                      = {https://www.medcalc.org/manual/logistic_regression.php},
  Year                     = {2017},

  Owner                    = {hwx},
  Timestamp                = {2017.12.04}
}

@Book{intro.dm,
  Title                    = {Introduction to Data Mining},
  Author                   = {Pang-Ning Tan and Michael Steinbach and Vipin Kumar},
  Publisher                = {Addison Wesley},
  Year                     = {2006},
  Month                    = {March},

  Owner                    = {hwx},
  Timestamp                = {2017.12.04}
}

@Electronic{wiki.nb,
  Title                    = {Naive Bayes classifier},
  Author                   = {Wikipedia},
  Month                    = {December},
  Url                      = {https://en.wikipedia.org/wiki/Naive_Bayes_classifier},
  Year                     = {2017},

  Owner                    = {hwx},
  Timestamp                = {2017.12.04}
}

@Electronic{wiki.rf,
  Title                    = {Random forest},
  Author                   = {Wikipedia},
  Language                 = {EN},
  Month                    = {November},
  Url                      = {https://en.wikipedia.org/wiki/Random_forest},
  Year                     = {2017},

  Owner                    = {hwx},
  Timestamp                = {2017.12.04}
}

@Electronic{wiki.svm,
  Title                    = {Support vector machine},
  Author                   = {Wikipedia},
  Language                 = {EN},
  Month                    = {December},
  Url                      = {https://en.wikipedia.org/wiki/Support_vector_machine},
  Year                     = {2017},

  Owner                    = {hwx},
  Timestamp                = {2017.12.04}
}

@Article{data_clean,
  Title                    = {Enhancing Data Analysis with Noise Removal},
  Author                   = {Xiong, Hui and Pandey, Gaurav and Steinbach, Michael and Kumar, Vipin},
  Year                     = {2005},

  Doi                      = {10.21236/ada439494}
}


@article{app1, title={The Population Census.}, 
volume={24}, 
DOI={10.2307/2173052}, 
number={3}, 
journal={Population Studies}, 
author={Hobcraft, J. and Benjamin, Bernard}, 
year={1970}, 
pages={460}}



@article{app2, title={Scalable pattern recognition for large-scale scientific data mining}, 
DOI={10.2172/310913}, 
author={Kamath, C. and Musick, R.}, 
year={1998}}

@article{99, title={Unconstrained handwritten character recognition based on fuzzy logic},
  author={Hanmandlu, Madasu and Mohan, KR Murali and Chakraborty, Sourav and Goyal, Sumeer and Choudhury, D Roy},
  journal={Pattern Recognition},
  volume={36},
  number={3},
  pages={603--623},
  year={2003},
  publisher={Elsevier}
}

@article{second, title={Handwritten Digit Recognition Based on Neural Networks and Multi-structure Information Fusion [J]},
  author={WANG, Tong-qing and JU, Yan and RENG, Li},
  journal={Mini-micro Systems},
  volume={12},
  pages={059},
  year={2003}
}

@Article{hdwc,
  Title                    = {Handwritten Digit Recognition Using Image Processing and Neural Networks},
  Author                   = {Faisal Tehseen Shah and Kamran Yousaf},
  Journal                  = {Proceedings of the World Congress on Engineering},
  Year                     = {2007},

  Month                    = {July},

  Owner                    = {hwx},
  Timestamp                = {2017.12.11}
}
