% This file was created with JabRef 2.10.
% Encoding: UTF-8


@Article{dcaa,
  Title                    = {Data Clustering Algorithms and Applications},
  Author                   = {Charu C. Aggarwal and Chandan K. Reddy},
  Journal                  = {Taylor \& Francis Group},
  Year                     = {2014},

  Owner                    = {hwx},
  Timestamp                = {2017.11.03}
}

@Article{bcab,
  Title                    = {Batch Clustering Algorithm for Big Data Sets},
  Author                   = {Rasim Alguliyev and Ramiz Aliguliyev and Adil Bagirov and Rafael Karimov},
  Journal                  = {IEEE Conference},
  Year                     = {2016},

  Month                    = {October},

  Owner                    = {hwx},
  Timestamp                = {2017.11.02}
}

@Article{dcar,
  Title                    = {Different Clustering Algorithms for Big Data Analytics: A Review},
  Author                   = {Dr. Meenu Dave and Remant Gianey},
  Journal                  = {IEEE},
  Year                     = {2016},

  Month                    = {November},

  Owner                    = {hwx},
  Timestamp                = {2017.11.02}
}

@Electronic{math,
  Title                    = {Hierarchical Clustering},
  Author                   = {MathWorks},
  Language                 = {EN},
  Url                      = {https://www.mathworks.com/help/stats/hierarchical-clustering.html?requestedDomain=www.mathworks.com},
  Year                     = {2017},

  Owner                    = {hwx},
  Timestamp                = {2017.11.03}
}

@Article{jsdbc,
  Title                    = {Density-Based Clustering},
  Author                   = {Joerg Sander},
  Journal                  = {Springer},
  Year                     = {2010},
  Pages                    = {270-273},

  Owner                    = {hwx},
  Timestamp                = {2017.11.04}
}

@Article{bdca,
  Title                    = {Big Data and Clustering Algorithms},
  Author                   = {Ajin V W and Lekshmy D Kumar},
  Journal                  = {IEEE},
  Year                     = {2016},

  Month                    = {April},

  Owner                    = {hwx},
  Timestamp                = {2017.11.04}
}

