% This file was created with JabRef 2.10.
% Encoding: UTF-8


@Article{editor02,
  Title                    = {Social Networking Usage: 2005-2015},
  Author                   = {Perrin A.},
  Year                     = {2015},

  Month                    = {Octobe},

  Owner                    = {hwx},
  Timestamp                = {2017.10.01}
}

@Electronic{editor08,
  Title                    = {Link Structure: Analyzing the most important methods},
  Author                   = {bbriniotis},
  Month                    = {October},
  Url                      = {http://www.webseoanalytics.com/blog/link-structure-analyzing-the-most-important-methods/},
  Year                     = {2016},

  Owner                    = {hwx},
  Timestamp                = {2017.10.08}
}

@Article{editor04,
  Title                    = {Application of Big Data and Text Mining Methods and Technologies in Modern Business Analyzing Social Networks Data about Traffic Tracking},
  Author                   = {Emir and Almir},
  Journal                  = {IEEE},
  Year                     = {2016},

  Month                    = {October},

  Owner                    = {hwx},
  Timestamp                = {2017.10.07}
}

@Electronic{editor03,
  Title                    = {Hitwise: Search Queries are Getting Longer},
  Author                   = {Frederic Lardinois},
  Language                 = {EN},
  Month                    = {February},
  Url                      = {http://readwrite.com/2009/02/24/hitwise_search_queries_are_getting_longer/},
  Year                     = {2009},

  Owner                    = {hwx},
  Timestamp                = {2017.09.28}
}

@Electronic{editor07,
  Title                    = {Boolean and Vector Space Retrieval Models},
  Author                   = {R.Mooney and J. Ghosh and D. Lee},
  Url                      = {http://www.cs.ucsb.edu/~tyang/class/293S17/slides/Topic2IRModels.pdf},
  Year                     = {2017},

  Owner                    = {hwx},
  Timestamp                = {2017.10.07}
}

@Article{editor01,
  Title                    = {Text Mining Analysis in Turkish Language Using Big Data Tools},
  Author                   = {Mehmet U. and Secren G.},
  Journal                  = {IEEE Computer Society},
  Year                     = {2016},

  Owner                    = {hwx},
  Timestamp                = {2017.10.01}
}

@Electronic{editor05,
  Title                    = {Web search engine},
  Author                   = {Wikipedia},
  Language                 = {EN},
  Month                    = {October},
  Url                      = {https://en.wikipedia.org/wiki/Web_search_engine},
  Year                     = {2017},

  Owner                    = {hwx},
  Timestamp                = {2017.10.07}
}

@Electronic{editor06,
  Title                    = {DIKW pyramid},
  Author                   = {Wikipedia},
  Language                 = {EN},
  Month                    = {September},
  Url                      = {https://en.wikipedia.org/wiki/DIKW_pyramid},
  Year                     = {2017},

  Owner                    = {hwx},
  Timestamp                = {2017.10.07}
}

@Electronic{editor09,
  Title                    = {HITS algorithm},
  Author                   = {Wikipedia},
  Language                 = {EN},
  Month                    = {September},
  Url                      = {https://en.wikipedia.org/wiki/HITS_algorithm},
  Year                     = {2017},

  Owner                    = {hwx},
  Timestamp                = {2017.10.08}
}

@Electronic{editor10,
  Title                    = {PageRank},
  Author                   = {Wikipedia},
  Language                 = {EN},
  Month                    = {September},
  Url                      = {https://en.wikipedia.org/wiki/PageRank},
  Year                     = {2017},

  Owner                    = {hwx},
  Timestamp                = {2017.10.08}
}

@Electronic{editor11,
  Title                    = {Topic model},
  Author                   = {Wikipedia},
  Language                 = {EN},
  Month                    = {August},
  Url                      = {https://en.wikipedia.org/wiki/Topic_model},
  Year                     = {2017},

  Owner                    = {hwx},
  Timestamp                = {2017.10.08}
}

@InBook{editor00,
  Title                    = {The title of book one},
  Editor                   = {Ian Editor},
  Publisher                = {University of Chicago Press},
  Year                     = {2007},

  Address                  = {Chicago},
  Edition                  = {1st.},
  Series                   = {The name of the series one},
  Volume                   = {9},

  Doi                      = {10.1007/3-540-09237-4},
  Subtitle                 = {The book subtitle},
  Url                      = {http://dx.doi.org/10.1007/3-540-09456-9}
}

